@InCollection{sep-intuitionism,
	author       =	{Iemhoff, Rosalie},
	title        =	{Intuitionism in the Philosophy of Mathematics},
	booktitle    =	{The Stanford Encyclopedia of Philosophy},
	editor       =	{Edward N. Zalta},
	howpublished =	{\url{https://plato.stanford.edu/archives/win2016/entries/intuitionism/}},
	year         =	{2016},
	edition      =	{Winter 2016},
	publisher    =	{Metaphysics Research Lab, Stanford University}
}

@book{troelstra-choice-sequence,
  title={Choice sequences: a chapter of intuitionistic mathematics},
  author={Troelstra, Anne Sjerp},
  year={1977},
  publisher={Clarendon Press Oxford}
}
